% This file was created with JabRef 2.10.
% Encoding: UTF-8


@Book{ascher1998computer,
  Title                    = {Computer methods for ordinary differential equations and differential-algebraic equations},
  Author                   = {Ascher, Uri M and Petzold, Linda R},
  Publisher                = {Siam},
  Year                     = {1998},
  Volume                   = {61}
}

@Book{mattheij1996ordinary,
  Title                    = {Ordinary differential equations in theory and practice},
  Author                   = {Mattheij, Robert and Molenaar, Jaap},
  Publisher                = {SIAM},
  Year                     = {1996},
  Volume                   = {43}
}

@Article{xiu2010research,
  Title                    = {Research on the response model of microbolometer},
  Author                   = {Xiu-Bao, Sui and Qian, Chen and Guo-Hua, Gu and Ning, Liu},
  Journal                  = {Chinese Physics B},
  Year                     = {2010},
  Number                   = {10},
  Pages                    = {108702},
  Volume                   = {19},

  Publisher                = {IOP Publishing}
}

@Booklet{flir_handbook,
  Title                    = {THE ULTIMATE INFRARED HANDBOOK FOR R\&D PROFESSIONALS. A Resource Guide for Using Infrared in the Research and Development Industry. \url{http://www1.flir.com/science-guidebook}},

  Owner                    = {gmele},
  Timestamp                = {2018.08.31}
}
@article{PhysRev.32.97,
  title = {Thermal Agitation of Electricity in Conductors},
  author = {Johnson, J. B.},
  journal = {Phys. Rev.},
  volume = {32},
  issue = {1},
  pages = {97--109},
  numpages = {0},
  year = {1928},
  month = {Jul},
  publisher = {American Physical Society},
  doi = {10.1103/PhysRev.32.97},
  url = {https://link.aps.org/doi/10.1103/PhysRev.32.97}
}
@article{PhysRev.32.110,
  title = {Thermal Agitation of Electric Charge in Conductors},
  author = {Nyquist, H.},
  journal = {Phys. Rev.},
  volume = {32},
  issue = {1},
  pages = {110--113},
  numpages = {0},
  year = {1928},
  month = {Jul},
  publisher = {American Physical Society},
  doi = {10.1103/PhysRev.32.110},
  url = {https://link.aps.org/doi/10.1103/PhysRev.32.110}
}
@article{PhysRev.28.74,
  title = {Small-Shot Effect and Flicker Effect},
  author = {Schottky, W.},
  journal = {Phys. Rev.},
  volume = {28},
  issue = {1},
  pages = {74--103},
  numpages = {0},
  year = {1926},
  month = {Jul},
  publisher = {American Physical Society},
  doi = {10.1103/PhysRev.28.74},
  url = {https://link.aps.org/doi/10.1103/PhysRev.28.74}
}
